@IEEEtranBSTCTL{tj_journ_paper:BSTcontrol,
  CTLuse_forced_etal       = "yes",
  CTLmax_names_forced_etal = "4",
  CTLnames_show_etal       = "2" 
}

@book{Rappaport,
    author = {{T.S. Rappaport}},
    title = {{Wireless Communications: Principles and Practice}},
    edition = {2},
    publisher = {Prentice Hall},
    address = {New Jersey},
    isbn = {0130422320},
    year = {2001}
}

@book{Seybold,
	author = {J.S. Seybold},
	title = {{Introduction to RF Propagation}},
	year = {2005},
	publisher = {{John Wiley \& Sons, Inc.}},
	address = {{New Jersey}},
	isbn = {13 978-0-471-65596-1},
}

@article{Phillips:Survey,
	author = {{C.~Phillips} and {D.~Sicker} and {D.~Grunwald}},
	title = {{A Survey of Wireless Path Loss Prediction and Coverage Mapping Methods}},
	journal = {{IEEE Communications Surveys \& Tutorials}},
	year = {2013},
	volume = {15},
	number = {1},
}

@article{Sarkar:Survey,
	author = {{T. K. Sarkar} and {Z. Ji} and {K. Kim} and others},
	title = {{A Survey of Various Propagation Models for Mobile Communication}},
	journal = {{IEEE Antennas and Propagation Magazine}},
	year = {2003},
	volume = {45},
	number = {3},
}

@inproceedings{Abhayawardhana,
 	author = {{V.S. Abhayawardhana} and {I.J. Wassell} and {D. Crosby} and {M.P. Sellars} and {M.G. Brown}},
 	title = {{Comparison of Empirical Propagation Path Loss Models for Fixed Wireless Access Systems}},
 	booktitle = {Proceedings of the $61^{\text{{st}}}$ IEEE Vehicular Technology Conference},
 	location = {Stockholm},
 	year = {2005}
}

@book{Harada:2002,
     author = {{H. Harada} and {R. Prasad}},
     title = {{Simulation and Software Radio for Mobile Communications}},
     year = {2002},
     isbn = {1580530443},
     publisher = {Artech House, Inc.},
     address = {Massachusetts},
}

@book{Raisanen:2003,
 author = {{A.V. Raisanen} and {A. Lehto}},
 title = {{Radio Engineering for Wireless Communication and Sensor Applications}},
 year = {2003},
 isbn = {1580535429},
 publisher = {Artech House, Inc.},
 address = {Massachusetts},
} 

@inproceedings{Phiri,
	title={{Propagation Modelling for the South African SKA Site}},
	author={{T.J. Phiri} and {D.B. Davidson} and {P.G. Wiid}},
	booktitle={{2015 IEEE-APS Topical Conference on Antennas and Propagation in Wireless Communications (APWC)}},
	pages={1329--1332},
	year={2015},
	organization={IEEE}
}

@techreport{P1546,
	title = {{Recommendation ITU-R P.1546-5: Method for Point-to-Area Predictions
	for Terrestrial Services in the Frequency Range \SI{30}{MHz} to \SI{3000}{MHz}}},
	author = {ITU-R},
	group = {Radiowave Propagation},
	year = {2013},
	institution = {{International Telecommunication Union}},
}

@techreport{LongleyRice,
	title = {{Prediction of Tropospheric Radio Transmission Loss Over Irregular Terrain: A Computer Method - 1968}},
	author = {{A.G. Longley} and {P.L. Rice}},
	group = {{Environmental Sciences and Services Administration}},
	month = {06},
	year = {1968},
	institution = {{Institute for Telecommunication Sciences (ITS), National Technical Information Service}},
}

@techreport{Hufford,
	title = {{A Guide to the Use of the ITS Irregular Terrain Model in the Area Prediction Mode}},
	author = {{G.A. Hufford} and {A.G. Longley} and {W.A. Kissick}},
	group = {{Institute for Telecommunication Sciences (ITS)}},
	year = {1982},
	institution = {{National Technical Information Service}},
}

@techreport{Phillips:Stability,
	author = {{C. Phillips} and {D. Sicker} and {D. Grunwald}},
	title = {{The Stability of The Longley-Rice Irregular Terrain Model for Typical Problems}},
	institution = {{Department of Computer Science, University of Colorado}},
	year = {2011}
}

@article{Phillips:Bounding,
	author = {{C.~Phillips} and {D.~Sicker} and {D.~Grunwald}},
	title = {{Bounding the Practical Error of Path Loss Models}},
	journal = {{International Journal of Antennas and Propagation}},
	date = {2012},
	volume = {15},
}

@unpublished{SKAEMI,
	author = {{A. Jessner} and {R.T. Lord} and {H. van der Marel} and others},
	title = {{RFI Protection and Threshold Levels for the SKA}},
	note = {{Confidential Report}},
	year = {2014}
}

@book{Haslett,
	author = {C. Haslett},
	title = {{Essentials of Radio Wave Propagation}},
	year = {2008},
	publisher = {{Cambridge University Press}},
	address = {{New York}},
	isbn = {978-0-511-37112-7},	
}

@book{Davidson2011,
	author = {{D.B. Davidson}},
	title = {{Computational Electromagnetics for RF and Microwave Engineering}},
	year = {2011},
	publisher = {{Cambridge University Press}},
	edition = {2},
	address = {{Cambridge}}
}

@book{Jin,
	author = {{J-M. Jin}},
	title = {{Theory and Computation of Electromagnetic Fields}},
	year = {2010},
	publisher = {{John Wiley \& Sons, Inc}},
	address = {{New Jersey}}
}

@book{Gibson,
	author = {{W.C. Gibson}},
	title = {{The Method of Moments in Electromagnetics}},
	year = {2008},
	publisher = {{Chapman \& Hall/CRC}},
	address = {{Florida}}
}

@book{Jordan,
	author = {{E.C. Jordan} and {K.G. Balmain}},
	title = {{Electromagnetic Waves and Radiating Systems}},
	year = {1968},
	publisher = {{Prentice-Hall Inc.}},
	address = {{New Jersey}},
	edition = {2}
}

@book{Balanis:Electro,
	author    = {C. A. Balanis},
	title     = {{Advanced Engineering Electromagnetics}},
	publisher = {{John Wiley \& Sons, Inc.}},
	edition  = {Second},
	year      = {{2012}},
	address = {{New York}},
}

@techreport{P527,
    title = {{Rec. ITU-R P.527-3: Electrical Characteristics of the Surface of the Earth}},
    author = {ITU-R},
    year = {1992},
    institution = {{International Telecommunication Union}},
}

@inproceedings{Norton36,
	author = {{K.A. Norton}},
	title = {{The Propagation of Radio Waves Over the Surface of the Earth and in the Upper Atmosphere - Part I}},
	booktitle = {Proceedings of the Institute of Radio Engineers},
	volume = {24},
	number = {10},
	year = {1936},
}

@inproceedings{Norton37,
	author = {{K.A. Norton}},
	title = {{The Propagation of Radio Waves Over the Surface of the Earth and in the Upper Atmosphere - Part II}},
	booktitle = {Proceedings of the Institute of Radio Engineers},
	volume = {25},
	number = {9},
	year = {1937},
}

@book{Angelakos,
	author = {{D.J Angelakos} and {T.E. Everhart}},
	title = {{Microwave Communications}},
	year = {1968},
	publisher = {{McGraw-Hill Inc.}},
	address = {{New York}},
	series={{Electrical Engineering Series}},
}

@inproceedings{Davidson2014,
	title={{The SKA and the MeerKAT Precursor -- Extreme Antenna Engineering}},
	author={{D.B. Davidson}},
	booktitle={{The 8th European Conference on Antennas and Propagation (EuCAP 2014)}},
	pages={1216--1219},
	year={2014},
	organization={IEEE}
}

@inproceedings{Braam2011,
    author = {{A.J. Otto} and {H.C. Reader} and {R.G. Marchand}},
    title = {{Complex Permittivity Measurements of Karoo Soil for the Square Kilometre Array}},
    booktitle = {{International Conference on Electromagnetics in Advanced Applications (ICEAA)}},
    location = {Torino},
    year = {2011}
    }
    
@article{Hviid95,
    author = {{J.T. Hviid} and {J.B. Andersen} and {J. Toftgard} and {J. Bojer}},
    journal = {IEEE Transactions on Antennas and Propagation},
    title = {Terrain-based Propagation Model for Rural Area - An Integral Equation Approach},
    year = {1995},
    volume = {43},
    number = {1},
    pages = {41-46},
    doi={10.1109/8.366349},
    ISSN={0018-926X},
    month={Jan}
    }
    
@inproceedings{Brennan2014,
    author = {{C. Brennan} and {D. Trinh}},
    booktitle = {Antennas and Propagation (EuCAP), 2014 8th European Conference on},
    title = {Fullwave Computation of Path Loss in Urban Areas},
    year = {2014},
    pages = {1124-1127},
    doi = {10.1109/EuCAP.2014.6901968},
    month = {April}
    }
    
@article{Yagbasan2010,
    author = {{A. Yagbasan} and {C.A. Tunc} and {V.B. Erturk} and {A. Altintas} and {R. Mittra}},
    journal = {IEEE Transactions on Antennas and Propagation},
    title = {Characteristic Basis Function Method for Solving Electromagnetic Scattering Problems Over Rough Terrain Profiles},
    year = {2010},
    volume = {58},
    number = {5},
    pages = {1579-1589},
    doi = {10.1109/TAP.2010.2044334},
    ISSN = {0018-926X},
    month = {May}
    }
    
    @ARTICLE{1504967,
    author={C. A. Tunc and A. Altintas and V. B. Erturk},
    journal={IEEE Transactions on Antennas and Propagation},
    title={Examination of existent propagation models over large inhomogeneous terrain profiles using fast integral equation solution},
    year={2005},
    volume={53},
    number={9},
    pages={3080-3083},
    keywords={electric field integral equations;electromagnetic wave propagation;electromagnetic wave scattering;inhomogeneous media;FBSA;FCC curve;Federal Communications Commission;ITU;International Telecommunication Union;empirical model;existent propagation model;fast integral equation;inhomogeneous terrain profile;rough surface scattering;spectrally accelerated forward-backward method;Acceleration;FCC;Integral equations;Large-scale systems;Polarization;Predictive models;Robustness;Rough surfaces;Scattering;Surface roughness;Federal Communications Commission (FCC) curves;International Telecommunication Union (ITU) recommendations;forward-backward spectral acceleration (FBSA) method;propagation models;rough surface scattering},
    doi={10.1109/TAP.2005.854548},
    ISSN={0018-926X},
    month={Sept},}